@Article{Tibshirani1996,
  author       = {Tibshirani, R.},
  journal      = {Journal of the Royal Statistical Society Series B},
  title        = {Regression shrinkage and selection via the lasso},
  year         = {1996},
  pages        = {267--288},
  volume       = {58},
  publisher    = {Blackwell Publishing; Royal Statistical Society},
}

@Article{Tierney1983,
  author       = {Tierney, L.},
  journal      = {Jounral on Scientific Statistical Computing},
  title        = {A Space-Efficient Recursive Procedure for Estimating a Quantile of an Unknown Distribution},
  year         = {1983},
  pages        = {706--711},
  volume       = {4},
  publisher    = {Society for Industrial and Applied Mathematics},
}
